<?xml version="1.0" encoding="UTF-8"?><collection xmlns="http://www.loc.gov/MARC21/slim"><record><leader>00712nam--2200205-u-4500</leader><controlfield tag="001">000053061</controlfield><controlfield tag="002">20161230</controlfield><controlfield tag="005">20161230201050</controlfield><controlfield tag="008">110104s1000------------r-----000-0-eng-d</controlfield><datafield ind1=" " ind2=" " tag="020"><subfield code="a">3540265643</subfield></datafield><datafield ind1=" " ind2=" " tag="040"><subfield code="a">IFIN-HH</subfield></datafield><datafield ind1=" " ind2=" " tag="080"><subfield code="a">538.91:57:(044.439:004.94)(063)</subfield></datafield><datafield ind1="1" ind2=" " tag="100"><subfield code="a">Landau, D.P</subfield></datafield><datafield ind1="1" ind2="0" tag="245"><subfield code="a">Computer simulation studies in condensed-matter physics xvi</subfield><subfield code="b">Proceedings of the seventeenth workshop athens, ga, usa, february 16-20, 2004</subfield><subfield code="c">D.P. LANDAU; S.P. LEWIS; H.-B. SCHUTTLER (Eds.)</subfield></datafield><datafield ind1=" " ind2=" " tag="260"><subfield code="a">HEIDELBERG</subfield><subfield code="b">Springer Verlag</subfield><subfield code="c">2006</subfield></datafield><datafield ind1=" " ind2=" " tag="300"><subfield code="a">284P</subfield></datafield><datafield ind1=" " ind2=" " tag="490"><subfield code="a">Springer Proccedings In Physics</subfield><subfield code="v">Vol. 103</subfield></datafield><datafield ind1="1" ind2=" " tag="700"><subfield code="a">Schuttler, H.-b</subfield><subfield code="e">Ed</subfield></datafield><datafield ind1=" " ind2=" " tag="852"><subfield code="a">81733</subfield><subfield code="c">538.9</subfield></datafield><datafield ind1=" " ind2=" " tag="CAT"><subfield code="a">Sys</subfield><subfield code="c">20110104</subfield><subfield code="h">113442</subfield></datafield></record></collection>